% Encoding: UTF-8
@book{schemt_1,
  author    = {П. Хоровиц, У. Хилл},
  title     = {Искусство Схемотехники. 4-е изд},
  year      = {1993},
  publisher = {Мир},
  isbn      = {5-03-002337-2},
  pages     = {8 - 180},
  language  = {russian}
}

@book{schemt_2,
  author    = {В.С. Тимошенко, С.А. Байрак},
  title     = {Конспект лекций по курсу «Схемотехника»},
  year      = {1993},
  publisher = {БГУИР, Кафедра ЭВМ},
  pages     = {17 - 93},
  language  = {russian}
}

@book{schemt_3,
  author    = {Г.И.Волович},
  title     = {Схемотехника аналоговых и аналого-цифровых электронных устройств},
  year      = {2005},
  publisher = {Издательский дом «Додэка-ХХI»},
  isbn      = {5-94120-074-9},
  pages     = {213 - 260},
  language  = {russian}
}

@misc{arduino_sheet,
  title     = {Arduino Nano Datasheet},
  date      = {2024-12-06},
  url       = {https://docs.arduino.cc/resources/datasheets/A000005-datasheet.pdf},
  timestamp = {2024-12-06}
}

@misc{a4988_sheet,
  title = {A4988 DMOS Microstepping Driver Datasheet},
  date  = {2024-12-06},
  url   = {https://www.pololu.com/file/0j450/a4988_dmos_microstepping_driver_with_translator.pdf},
  date  = {2024-12-06}
}

@misc{IRFZ44N_sheet,
  title     = {IRFZ44N MOSFET Datasheet},
  date      = {2024-12-06},
  url       = {https://www.infineon.com/dgdl/Infineon-IRFZ44N-DataSheet-v01_01-EN.pdf?fileId=5546d462533600a40153563b3a9f220d},
  timestamp = {2024-12-06}
}

@misc{LM7805_sheet,
  title     = {LM7805 Datasheet},
  date      = {2024-12-06},
  url       = {https://www.sparkfun.com/datasheets/Components/LM7805.pdf},
  timestamp = {2024-12-06}
}

@misc{laserGRBL,
  title     = {LaserGRBL},
  date      = {2024-12-06},
  url       = {https://lasergrbl.com},
  timestamp = {2024-12-06}
}

